@book{farlow2012partial,
  title={Partial Differential Equations for Scientists and Engineers},
  author={Farlow, S.J.},
  isbn={9780486134734},
  series={Dover Books on Mathematics},
  url={https://books.google.com/books?id=VsK\_31\_j0XgC},
  year={2012},
  publisher={Dover Publications}
}
